
@article{watanda19,
  author={J. {Watada} and A. {Roy} and R. {Kadikar} and H. {Pham} and B. {Xu}},
  journal={IEEE Access}, 
  title={Emerging Trends, Techniques and Open Issues of Containerization: A Review}, 
  year={2019},
  volume={7},
  number={},
  pages={152443-152472},
  doi={10.1109/ACCESS.2019.2945930}}

@INPROCEEDINGS{joy15,
  author={A. M. {Joy}},
  booktitle={2015 International Conference on Advances in Computer Engineering and Applications}, 
  title={Performance comparison between Linux containers and virtual machines}, 
  year={2015},
  volume={},
  number={},
  pages={342-346},
  doi={10.1109/ICACEA.2015.7164727}}

@INPROCEEDINGS{dua14,
  author={R. {Dua} and A. R. {Raja} and D. {Kakadia}},
  booktitle={2014 IEEE International Conference on Cloud Engineering}, 
  title={Virtualization vs Containerization to Support PaaS}, 
  year={2014},
  volume={},
  number={},
  pages={610-614},
  doi={10.1109/IC2E.2014.41}}

@book{talbot2013,
  author    = "Nicola L. C. Talbot",
  title     = "Using {\LaTeX} to Write a PhD Thesis",
  publisher = "Dickimaw Books",
  series    = "Dickimaw {\LaTeX} Series",
  volume    = 2,
  isbn      = "978-1-909440-02-9",
  address   = "Norfolk, UK",
  year      = 2013 ,
  url       = {http://www.dickimaw-books.com/latex/thesis/}
}

