@misc{VirtualNetworkingInTheFuture,
      title={Survey of Server Virtualization}, 
      author={Radhwan Y Ameen and Asmaa Y. Hamo},
      year={2013},
      eprint={1304.3557},
      archivePrefix={arXiv},
      primaryClass={cs.OS}
}

@misc{Spiceworks, title={The 2020 State of Virtualization Technology}, url={https://www.spiceworks.com/marketing/reports/state-of-virtualization/}, journal={Spiceworks Marketing}, publisher={Spiceworks}, author={Spiceworks}, year={2020}}

@article{LetsGetVirtual,
  title={Let's Get Virtual: A Look at Today's Server Virtualization Architectures},
  author={Wolf, Chris},
  journal={Burton Group Data center Strategies},
  pages={1--42},
  year={2007}
}