@misc{UbuntuServerDocumentation,
title={Ubuntu Server Guide},
publisher={Canonical Ltd},
author={{Ubuntu Documentation Team}},
year={2021},
month={Mar}}

@misc{UbuntuDockerHub, title={Docker: Ubuntu}, url={https://hub.docker.com/_/ubuntu}, journal={Docker Hub}, publisher={Docker}, author={{Canonical} and {tianon}}, year={2021}, month={Mar}}

@misc{UbuntuDesktopDocumentation, title={Release Notes: Ubuntu 20.04 LTS (Focal Fossa)}, url={https://wiki.ubuntu.com/FocalFossa/ReleaseNotes}, journal={Ubuntu Wiki}, publisher={Canonical}, author={Zemczak, ≈Åukasz and {Canonical}}, year={2021}, month={Feb}}