
@misc{henning_schulzrinne,
	title = {Writing Systems and Networking Articles},
	url = {http://www.cs.columbia.edu/~hgs/etc/writing-style.html},
	urldate = {2017-09-20},
	author = {Henning Schulzrinne},
  year = 2017
}
